<?xml version="1.0" encoding="UTF-8"?><collection xmlns="http://www.loc.gov/MARC21/slim"><record><leader>00345nam--2200133-i-4500</leader><controlfield tag="001">000028426</controlfield><controlfield tag="002">20161230</controlfield><controlfield tag="005">20161230201037</controlfield><controlfield tag="008">060222s1000------------r-----000-0-eng-d</controlfield><datafield ind1=" " ind2=" " tag="080"><subfield code="a">681.3.01:681.325.65</subfield></datafield><datafield ind1=" " ind2=" " tag="100"><subfield code="a">Lenk, John D</subfield></datafield><datafield ind1=" " ind2=" " tag="245"><subfield code="a">Logic designer`s manual</subfield></datafield><datafield ind1=" " ind2=" " tag="260"><subfield code="a">Reston, Virginia, Reston Publ.Co., 1977, Viii + 504p</subfield></datafield><datafield ind1=" " ind2=" " tag="852"><subfield code="a">46575</subfield></datafield></record></collection>